\usepackage[utf8]{inputenc}

@mastersthesis{tesebahia,
	author={Marco Antônio Marcelino Bahia},
	title={Desenvolvimento de marcadores ambientômicos para o melhoramento de arroz de terras altas (Oryza sativa L.) em território brasileiro},
	school={Universidade Federal de Goiás},
	address={Goiânia, GO},
	pages={35},
	year={2023}
}

@book{melhora_precisa_livro,
	title={Melhoramento de Precisão},
	author={Resende, Rafael T. and Brondani, Claudio},
	year={2023},
	publisher={Embrapa Arroz e Feijão}
}

@book{modelos_mistos_ufv,
	title={Modelo Linear Misto},
	author={Martins, Elias N. and Lopes, Paulo S. and Almeida e Silva, Martinho and Regazzi, Adair J.},
	year={1993},
	series={Cadernos Didáticos},
	volume = {38},
	publisher={Editora UFV}
}

@book{comp_variancias_ufv,
	title={Estimação de Componentes de Variância},
	author={Martins, Elias N. and Lopes, Paulo S. and Almeida e Silva, Martinho and Regazzi, Adair J.},
	year={1993},
	series={Cadernos Didáticos},
	volume = {39},
	publisher={Editora UFV}
}

@incollection{melhora_precisa1,
	author={Resende, Rafael T. and Brondani, Claudio and Chaves, Lazaro José},
	title={O Melhoramento na Era de Agricultura de Precisão},
	booktitle={Melhoramento de Precisão},
	editor={Resende, Rafael T. and Brondani, Claudio},
	publisher={Embrapa Arroz e Feijão},
	address={Santo Antônio de Goiás, GO},
	year={2023},
	pages={13-40},
	chapter={1}
}

@incollection{melhora_precisa2,
	author={Pádua, José M. and Bruzi, Adriano T. and Ferreira, Ricardo A. and Oliveira, Gustavo O.},
	title={Gestão Otimizada dos Programas},
	booktitle={Melhoramento de Precisão},
	editor={Resende, Rafael T. and Brondani, Claudio},
	publisher={Embrapa Arroz e Feijão},
	address={Santo Antônio de Goiás, GO},
	year={2023},
	pages={41-65},
	chapter={2}
}

@incollection{melhora_precisa8,
	author={Costa-Neto, Germano M. and Resende, Rafael T. and Fritsche-Neto, Roberto and Heinemann, Alexandre B.},
	title={Ambientômica},
	booktitle={Melhoramento de Precisão},
	editor={Resende, Rafael T. and Brondani, Claudio},
	publisher={Embrapa Arroz e Feijão},
	address={Santo Antônio de Goiás, GO},
	year={2023},
	pages={195-226},
	chapter={8}
}




@article{chenu2015characterizing,
	title={Characterizing the crop environment -- nature, significance and applications},
	author={Chenu, Karine},
	journal={Crop physiology},
	pages={321--348},
	year={2015},
	publisher={Elsevier}
}


@article{cooper2014predicting,
	title={Predicting the future of plant breeding: complementing empirical evaluation with genetic prediction},
	author={Cooper, Mark and Messina, Carlos D and Podlich, Dean and Totir, L Radu and Baumgarten, Andrew and Hausmann, Neil J and Wright, Deanne and Graham, Geoffrey},
	journal={Crop and Pasture Science},
	volume={65},
	number={4},
	pages={311--336},
	year={2014},
	publisher={CSIRO Publishing}
}


@article{resende2020enviromics,
	title={Enviromics in breeding: applications and perspectives on envirotypic-assisted selection},
	author={Resende, Rafael T and Piepho, Hans-Peter and Rosa, Guilherme JM and Silva-Junior, Orzenil B and e Silva, Fabyano F and de Resende, Marcos Deon V and Grattapaglia, Dario},
	journal={Theoretical and Applied Genetics},
	volume={134},
	pages={95--112},
	year={2021},
	publisher={Springer}
}

@article{jorasch2019,
	title={The global need for plant breeding innovation},
	author={Jorasch, Petra},
	journal={Transgenic Research},
	volume={28},
	number={Suppl 2},
	pages={81--86},
	year={2019},
	publisher={Springer}
}

@book{gelman_hill_2007, 
	place={Cambridge}, 
	series={Analytical Methods for Social Research}, 
	title={Data Analysis Using Regression and Multilevel/Hierarchical Models}, DOI={10.1017/CBO9780511790942}, 
	publisher={Cambridge University Press}, 
	author={Gelman, Andrew and Hill, Jennifer}, 
	year={2006}, 
	collection={Analytical Methods for Social Research}
}

@book{kutner2005applied,
	title={Applied linear statistical models},
	author={Kutner, Michael H and Nachtsheim, Christopher J and Neter, John and Li, William},
	year={2005},
	publisher={McGraw-hill}
}

@book{morettindatasci,
	title={Estatística e Ciência de Dados},
	author={Morettin, Pedro Alberto and Singer, Júlio da Motta},
	year={2022},
	publisher={LTC}
}


@book{mlg_gilbertopaula,
	author  = {Paula, Gilberto A.},
	title   = {Modelos de Regressão com Apoio Computacional},
	year    = {2004},
	publisher = {IME-USP}
}

@book{metodosmultivariados_artes,
	author  = {Artes, Rinaldo and Barroso, Lúcia P.},
	title   = {Métodos Multivariados de Análise Estatística},
	year    = {2023},
	publisher = {Blucher}
}


@article{adewale2007understanding,
	title={Understanding hierarchical linear models: applications in nursing research},
	author={Adewale, Adeniyi J and Hayduk, Leslie and Estabrooks, Carole A and Cummings, Greta G and Midodzi, William K and Derksen, Linda},
	journal={Nursing Research},
	volume={56},
	number={4},
	pages={S40--S46},
	year={2007},
	publisher={LWW}
}

@article{mcmahon2007scales,
	title={Scales of association: hierarchical linear models and the measurement of ecological systems},
	author={McMahon, Sean M and Diez, Jeffrey M},
	journal={Ecology letters},
	volume={10},
	number={6},
	pages={437--452},
	year={2007},
	publisher={Wiley Online Library}
}

@article{ronnegaard2013exploring,
	title={Exploring the potential of hierarchical generalized linear models in animal breeding and genetics},
	author={R{\"o}nneg{\aa}rd, Lars and Lee, Y},
	journal={Journal of Animal Breeding and Genetics},
	volume={130},
	number={6},
	year={2013}
}

@article{hickey2019breeding,
	title={Breeding crops to feed 10 billion},
	author={Hickey, Lee T and N. Hafeez, Amber and Robinson, Hannah and Jackson, Scott A and Leal-Bertioli, Soraya CM and Tester, Mark and Gao, Caixia and Godwin, Ian D and Hayes, Ben J and Wulff, Brande BH},
	journal={Nature biotechnology},
	volume={37},
	number={7},
	pages={744--754},
	year={2019},
	publisher={Nature Publishing Group US New York}
}

@book{hox2017multilevel,
	title={Multilevel analysis: Techniques and applications},
	author={Hox, Joop and Moerbeek, Mirjam and Van de Schoot, Rens},
	year={2017},
	publisher={Routledge}
}



@article{breseghello2021,
	title = {Building the Embrapa rice breeding dataset for efficient data reuse},
	author = {Breseghello, Flavio and de Mello, Raquel Neves and Pinheiro, {Patrícia Valle} and Soares, {Dino Magalhães} and {Lopes Júnior}, Sergio and Nakano Rangel, Paulo Hideo and {Guimarães}, {Elcio Perpétuo} and de Castro, Adriano Pereira and Colombari Filho, {José Manoel} and {de Magalhães Júnior}, Ariano Martins and Fagundes, Paulo Ricardo Reis and de Carvalho Ferreira Neves, {Péricles} and Furtini, Isabela Volpi and Utumi, Marley Marico and Pereira, {José Almeida} and Cordeiro, {Antônio Carlos Centeno} and Filho, Austrelino Silveira and Abreu, Guilherme Barbosa and de Moura Neto, Francisco Pereira and Pietragalla, Julian and {Hernández}, Mateo Vargas and Crossa, {José}},
	year = {2021},
	month = {06},
	date = {2021-06-26},
	journal = {Crop Science},
	pages = {3445--3457},
	volume = {61},
	number = {5},
	doi = {10.1002/csc2.20550},
	url = {http://dx.doi.org/10.1002/csc2.20550},
	langid = {en}
}

@article{breseghello2011,
	title = {Results of 25 Years of Upland Rice Breeding in Brazil},
	author = {Breseghello, Flavio and de Morais, Orlando Peixoto and Pinheiro, Patr{\'\i}cia Valle and Silva, Ana Carolina Sim{\~o}es and da Maia de Castro, Emilio and Guimar{\~a}es, {\'E}lcio Perp{\'e}tuo and de Castro, Adriano Pereira and Pereira, Jos{\'e} Almeida and de Matos Lopes, Altevir and Utumi, Marley Marico and others},
	year = {2011},
	month = {05},
	date = {2011-05},
	journal = {Crop Science},
	pages = {914--923},
	volume = {51},
	number = {3},
	doi = {10.2135/cropsci2010.06.0325},
	url = {http://dx.doi.org/10.2135/cropsci2010.06.0325},
	langid = {en}
}

@book{cokriging,
	title={Fundamentals of geostatistics in five lessons},
	author={Journel, Andre G and Journel, Andr{\'e} G},
	volume={8},
	year={1989},
	publisher={American Geophysical Union Washington, DC}
}
